<?xml version="1.0" encoding="UTF-8"?>
<collection xmlns:xsi="http://www.w3.org/2001/XMLSchema-instance" xsi:schemaLocation="http://www.loc.gov/MARC21/slim http://www.loc.gov/standards/marcxml/schema/MARC21slim.xsd" xmlns="http://www.loc.gov/MARC21/slim">
<record>
  <leader>00983cam a22002171  4500</leader>
  <controlfield tag="001">3068456</controlfield>
  <controlfield tag="003">NNC</controlfield>
  <controlfield tag="005">20130426015250.0</controlfield>
  <controlfield tag="008">010820s1949    ua            000 0 ara d</controlfield>
  <datafield tag="035" ind1=" " ind2=" ">
    <subfield code="a">(OCoLC)505233275</subfield>
  </datafield>
  <datafield tag="035" ind1=" " ind2=" ">
    <subfield code="a">(OCoLC)ocn505233275</subfield>
  </datafield>
  <datafield tag="035" ind1=" " ind2=" ">
    <subfield code="9">ATP0923CU</subfield>
  </datafield>
  <datafield tag="035" ind1=" " ind2=" ">
    <subfield code="a">(NNC)3068456</subfield>
  </datafield>
  <datafield tag="040" ind1=" " ind2=" ">
    <subfield code="a">ZCU</subfield>
    <subfield code="c">ZCU</subfield>
  </datafield>
  <datafield tag="099" ind1=" " ind2=" ">
    <subfield code="a">893.7991</subfield>
    <subfield code="a">H93</subfield>
  </datafield>
  <datafield tag="100" ind1="1" ind2=" ">
    <subfield code="a">Ḥurayfīsh, Shuʻayb ibn ʻAbd Allāh,</subfield>
    <subfield code="d">-1398?</subfield>
  </datafield>
  <datafield tag="245" ind1="1" ind2="3">
    <subfield code="a">al-Rawḍ al-fāʾiq fī al-mawāʻiẓ wa-al-raqāʾiq /</subfield>
    <subfield code="c">taʾlīf  Shuʻayb al-Ḥurayfish. Wa-bi-hāmishihī kitābān jalīlān: 1) Kitāb yataḍammanu aḥādīth wa-āthār wa-mawāʻiẓ tataʻallaqu bi-al-mawt wa-mā baʻdah, li-Zayn-al-Dīn ibn ʻAbd-al-ʻAzīz al-Malībārī; 2) Kitāb Qurrat al-ʻayn wa-mufarriḥ al-qalb al-maḥzūn, li-Abī al-Layth al-Samarqandī.</subfield>
  </datafield>
  <datafield tag="260" ind1=" " ind2=" ">
    <subfield code="a">Miṣr,</subfield>
    <subfield code="b">Muṣṭafā al-Bābī al-Halabī,</subfield>
    <subfield code="c">1368 h., 1949 m.</subfield>
  </datafield>
  <datafield tag="300" ind1=" " ind2=" ">
    <subfield code="a">316 p.</subfield>
  </datafield>
  <datafield tag="650" ind1=" " ind2="0">
    <subfield code="a">Islamic sermons.</subfield>
  </datafield>
  <datafield tag="955" ind1=" " ind2=" ">
    <subfield code="b">CU58868399</subfield>
    <subfield code="d">off,glx</subfield>
    <subfield code="e">893.7991 H93</subfield>
  </datafield>
</record>
</collection>